<?xml version="1.0" encoding="UTF-8"?><collection xmlns="http://www.loc.gov/MARC21/slim"><record><leader>00364nam--2200133-i-4500</leader><controlfield tag="001">000023929</controlfield><controlfield tag="002">20161230</controlfield><controlfield tag="005">20161230201035</controlfield><controlfield tag="008">060222s1000------------r-----000-0-eng-d</controlfield><datafield ind1=" " ind2=" " tag="100"><subfield code="a">Ifrim, Alfons</subfield></datafield><datafield ind1=" " ind2=" " tag="245"><subfield code="a">Notingher, petru</subfield></datafield><datafield ind1=" " ind2=" " tag="260"><subfield code="a">Materiale Electrotehnice</subfield></datafield><datafield ind1=" " ind2=" " tag="490"><subfield code="a">Bucuresti, Ed. Didactica Si Pedagogica, 1979. 367p</subfield></datafield><datafield ind1=" " ind2=" " tag="852"><subfield code="a">621.315.61(075.8):621.318.1</subfield></datafield></record></collection>